/Users/brianlibgober/Documents/ConnorBrian.bib